%------------------------------------------------1---------------------------------------------%
@article{aravanis2017next,
  title={Next-generation sequencing of circulating tumor DNA for early cancer detection},
  author={Aravanis, Alexander M and Lee, Mark and Klausner, Richard D},
  journal={Cell},
  volume={168},
  number={4},
  pages={571--574},
  year={2017},
  publisher={Elsevier}
}